[
  {
    "__type__": "cc.Prefab",
    "_name": "",
    "_objFlags": 0,
    "_native": "",
    "data": {
      "__id__": 1
    },
    "optimizationPolicy": 0,
    "persistent": false,
    "asyncLoadAssets": false
  },
  {
    "__type__": "cc.Node",
    "_name": "Astronaut-Render",
    "_objFlags": 0,
    "__editorExtras__": {},
    "_parent": null,
    "_children": [
      {
        "__id__": 2
      }
    ],
    "_active": true,
    "_components": [
      {
        "__id__": 59
      }
    ],
    "_prefab": {
      "__id__": 61
    },
    "_lpos": {
      "__type__": "cc.Vec3",
      "x": 0,
      "y": 0,
      "z": 0
    },
    "_lrot": {
      "__type__": "cc.Quat",
      "x": 0,
      "y": 0,
      "z": 0,
      "w": 1
    },
    "_lscale": {
      "__type__": "cc.Vec3",
      "x": 1,
      "y": 1,
      "z": 1
    },
    "_layer": 1073741824,
    "_euler": {
      "__type__": "cc.Vec3",
      "x": 0,
      "y": 0,
      "z": 0
    },
    "_id": ""
  },
  {
    "__type__": "cc.Node",
    "_name": "Wrap",
    "_objFlags": 0,
    "_parent": {
      "__id__": 1
    },
    "_children": [
      {
        "__id__": 3
      },
      {
        "__id__": 8
      }
    ],
    "_active": true,
    "_components": [
      {
        "__id__": 56
      }
    ],
    "_prefab": {
      "__id__": 58
    },
    "_lpos": {
      "__type__": "cc.Vec3",
      "x": 0,
      "y": 0.055,
      "z": 0
    },
    "_lrot": {
      "__type__": "cc.Quat",
      "x": 0,
      "y": 1,
      "z": 0,
      "w": 6.123233995736766e-17
    },
    "_lscale": {
      "__type__": "cc.Vec3",
      "x": 1,
      "y": 1,
      "z": 1
    },
    "_layer": 1073741824,
    "_euler": {
      "__type__": "cc.Vec3",
      "x": 0,
      "y": 180,
      "z": 0
    },
    "_id": ""
  },
  {
    "__type__": "cc.Node",
    "_name": "Player",
    "_objFlags": 0,
    "_parent": {
      "__id__": 2
    },
    "_children": [],
    "_active": true,
    "_components": [
      {
        "__id__": 4
      }
    ],
    "_prefab": {
      "__id__": 7
    },
    "_lpos": {
      "__type__": "cc.Vec3",
      "x": -0.016786402091383934,
      "y": 0.862682,
      "z": -0.06752670556306839
    },
    "_lrot": {
      "__type__": "cc.Quat",
      "x": 0,
      "y": 0,
      "z": 0,
      "w": 1
    },
    "_lscale": {
      "__type__": "cc.Vec3",
      "x": 0.43766990303993225,
      "y": 0.43766990303993225,
      "z": 0.43766990303993225
    },
    "_layer": 1073741824,
    "_euler": {
      "__type__": "cc.Vec3",
      "x": 0,
      "y": 0,
      "z": 0
    },
    "_id": ""
  },
  {
    "__type__": "cc.SkinnedMeshRenderer",
    "_name": "",
    "_objFlags": 0,
    "__editorExtras__": {},
    "node": {
      "__id__": 3
    },
    "_enabled": true,
    "__prefab": {
      "__id__": 5
    },
    "_materials": [
      {
        "__uuid__": "3e6437f3-e595-4086-a098-66f61cc4635a",
        "__expectedType__": "cc.Material"
      }
    ],
    "_visFlags": 0,
    "lightmapSettings": {
      "__id__": 6
    },
    "_mesh": {
      "__uuid__": "21a06ee5-6f6d-4e7d-a90a-b87891cbbec3@41ac8",
      "__expectedType__": "cc.Mesh"
    },
    "_shadowCastingMode": 1,
    "_shadowReceivingMode": 0,
    "_enableMorph": true,
    "_skeleton": {
      "__uuid__": "21a06ee5-6f6d-4e7d-a90a-b87891cbbec3@f9d1d",
      "__expectedType__": "cc.Skeleton"
    },
    "_skinningRoot": {
      "__id__": 2
    },
    "_id": ""
  },
  {
    "__type__": "cc.CompPrefabInfo",
    "fileId": "4ac11KchlBR7QWxqAavGYw"
  },
  {
    "__type__": "cc.ModelLightmapSettings",
    "texture": null,
    "uvParam": {
      "__type__": "cc.Vec4",
      "x": 0,
      "y": 0,
      "z": 0,
      "w": 0
    },
    "_bakeable": false,
    "_castShadow": false,
    "_receiveShadow": false,
    "_recieveShadow": false,
    "_lightmapSize": 64
  },
  {
    "__type__": "cc.PrefabInfo",
    "root": {
      "__id__": 1
    },
    "asset": {
      "__id__": 0
    },
    "fileId": "0aI88m8gJFProPQxmOl7kh"
  },
  {
    "__type__": "cc.Node",
    "_name": "Root",
    "_objFlags": 0,
    "_parent": {
      "__id__": 2
    },
    "_children": [
      {
        "__id__": 9
      },
      {
        "__id__": 35
      },
      {
        "__id__": 41
      },
      {
        "__id__": 47
      },
      {
        "__id__": 51
      }
    ],
    "_active": true,
    "_components": [],
    "_prefab": {
      "__id__": 55
    },
    "_lpos": {
      "__type__": "cc.Vec3",
      "x": -0.016797649917773584,
      "y": 0.6160078929721567,
      "z": -0.06754248022488252
    },
    "_lrot": {
      "__type__": "cc.Quat",
      "x": -0.013599846379101626,
      "y": 0.0003115300175075168,
      "z": 0.0015729276775251762,
      "w": 0.9999062321168092
    },
    "_lscale": {
      "__type__": "cc.Vec3",
      "x": 0.4376699552142504,
      "y": 0.43766990303993225,
      "z": 0.43766990303993225
    },
    "_layer": 1073741824,
    "_euler": {
      "__type__": "cc.Vec3",
      "x": -1.5585374819420712,
      "y": 0.03814684742741647,
      "z": 0.17974213152270763
    },
    "_id": ""
  },
  {
    "__type__": "cc.Node",
    "_name": "Body_Upper",
    "_objFlags": 0,
    "_parent": {
      "__id__": 8
    },
    "_children": [
      {
        "__id__": 10
      },
      {
        "__id__": 14
      },
      {
        "__id__": 20
      },
      {
        "__id__": 26
      },
      {
        "__id__": 30
      }
    ],
    "_active": true,
    "_components": [],
    "_prefab": {
      "__id__": 34
    },
    "_lpos": {
      "__type__": "cc.Vec3",
      "x": 2.1875483369182547e-10,
      "y": 0.7792940735816956,
      "z": 1.813006300643849e-9
    },
    "_lrot": {
      "__type__": "cc.Quat",
      "x": 0.0683425850910485,
      "y": -0.0021286205151670977,
      "z": -0.0028897848256896714,
      "w": 0.9976554561477807
    },
    "_lscale": {
      "__type__": "cc.Vec3",
      "x": 1,
      "y": 1,
      "z": 1
    },
    "_layer": 1073741824,
    "_euler": {
      "__type__": "cc.Vec3",
      "x": 7.836974749192878,
      "y": -0.22072335069719787,
      "z": -0.3470409427431696
    },
    "_id": ""
  },
  {
    "__type__": "cc.Node",
    "_name": "Head",
    "_objFlags": 0,
    "_parent": {
      "__id__": 9
    },
    "_children": [
      {
        "__id__": 11
      }
    ],
    "_active": true,
    "_components": [],
    "_prefab": {
      "__id__": 13
    },
    "_lpos": {
      "__type__": "cc.Vec3",
      "x": 7.119592693172194e-10,
      "y": 1.00914466381073,
      "z": -3.609511300961543e-10
    },
    "_lrot": {
      "__type__": "cc.Quat",
      "x": 0.0011598283121944941,
      "y": -0.9991220765737592,
      "z": -0.041854173896378355,
      "w": 0.0013996530560737377
    },
    "_lscale": {
      "__type__": "cc.Vec3",
      "x": 1.0000001192092896,
      "y": 0.9999998211860657,
      "z": 1.0000001192092896
    },
    "_layer": 1073741824,
    "_euler": {
      "__type__": "cc.Vec3",
      "x": -4.797356050072186,
      "y": -179.84531442975958,
      "z": -0.13950291563394943
    },
    "_id": ""
  },
  {
    "__type__": "cc.Node",
    "_name": "Head_end",
    "_objFlags": 0,
    "_parent": {
      "__id__": 10
    },
    "_children": [],
    "_active": true,
    "_components": [],
    "_prefab": {
      "__id__": 12
    },
    "_lpos": {
      "__type__": "cc.Vec3",
      "x": 2.910016325130549e-11,
      "y": 1.252362847328186,
      "z": -8.195638656616211e-8
    },
    "_lrot": {
      "__type__": "cc.Quat",
      "x": 1.30385160446167e-8,
      "y": 3.804554005171212e-9,
      "z": 2.1825891094451322e-10,
      "w": 1
    },
    "_lscale": {
      "__type__": "cc.Vec3",
      "x": 0.9999999403953552,
      "y": 0.9999999403953552,
      "z": 0.9999999403953552
    },
    "_layer": 1073741824,
    "_euler": {
      "__type__": "cc.Vec3",
      "x": 0.000001494103880845135,
      "y": 4.359697745257066e-7,
      "z": 2.5010634560883503e-8
    },
    "_id": ""
  },
  {
    "__type__": "cc.PrefabInfo",
    "root": {
      "__id__": 1
    },
    "asset": {
      "__id__": 0
    },
    "fileId": "1f1PqunqROdZ7Egk1UQLi+"
  },
  {
    "__type__": "cc.PrefabInfo",
    "root": {
      "__id__": 1
    },
    "asset": {
      "__id__": 0
    },
    "fileId": "80T8N73VROW56pVNG85TF3"
  },
  {
    "__type__": "cc.Node",
    "_name": "Arm_1_Left",
    "_objFlags": 0,
    "_parent": {
      "__id__": 9
    },
    "_children": [
      {
        "__id__": 15
      }
    ],
    "_active": true,
    "_components": [],
    "_prefab": {
      "__id__": 19
    },
    "_lpos": {
      "__type__": "cc.Vec3",
      "x": 0.6022465229034424,
      "y": 0.5658305287361145,
      "z": 0.09382472187280655
    },
    "_lrot": {
      "__type__": "cc.Quat",
      "x": -0.014683507129790328,
      "y": -0.0028831795791975723,
      "z": -0.7975802374271603,
      "w": 0.6030272355039348
    },
    "_lscale": {
      "__type__": "cc.Vec3",
      "x": 1.0000001192092896,
      "y": 0.9999999403953552,
      "z": 0.9999999403953552
    },
    "_layer": 1073741824,
    "_euler": {
      "__type__": "cc.Vec3",
      "x": -175.32332275574842,
      "y": -174.35789456573588,
      "z": -74.12076645047198
    },
    "_id": ""
  },
  {
    "__type__": "cc.Node",
    "_name": "Arm_2_Left",
    "_objFlags": 0,
    "_parent": {
      "__id__": 14
    },
    "_children": [
      {
        "__id__": 16
      }
    ],
    "_active": true,
    "_components": [],
    "_prefab": {
      "__id__": 18
    },
    "_lpos": {
      "__type__": "cc.Vec3",
      "x": -9.48632319364151e-8,
      "y": 0.8253393769264221,
      "z": 1.2016168504658253e-8
    },
    "_lrot": {
      "__type__": "cc.Quat",
      "x": -0.09019858577359467,
      "y": -0.6043413503760222,
      "z": -0.5170997061433927,
      "w": 0.5993693696349074
    },
    "_lscale": {
      "__type__": "cc.Vec3",
      "x": 0.9999997019767761,
      "y": 0.9999999403953552,
      "z": 0.9999997615814209
    },
    "_layer": 1073741824,
    "_euler": {
      "__type__": "cc.Vec3",
      "x": -58.518234685435935,
      "y": -107.97111690567192,
      "z": -30.720196459047216
    },
    "_id": ""
  },
  {
    "__type__": "cc.Node",
    "_name": "Arm_2_Left_end",
    "_objFlags": 0,
    "_parent": {
      "__id__": 15
    },
    "_children": [],
    "_active": true,
    "_components": [],
    "_prefab": {
      "__id__": 17
    },
    "_lpos": {
      "__type__": "cc.Vec3",
      "x": -1.4901158529312397e-8,
      "y": 0.6989681124687195,
      "z": -7.276754199203594e-11
    },
    "_lrot": {
      "__type__": "cc.Quat",
      "x": -4.5807971105194625e-7,
      "y": -4.936009645460911e-7,
      "z": 5.1222755814694354e-8,
      "w": 0.999999999999772
    },
    "_lscale": {
      "__type__": "cc.Vec3",
      "x": 1.0000001192092896,
      "y": 1.0000001192092896,
      "z": 1.000000238418579
    },
    "_layer": 1073741824,
    "_euler": {
      "__type__": "cc.Vec3",
      "x": -0.00005249206535040586,
      "y": -0.00005656250137536339,
      "z": 0.000005869721356556556
    },
    "_id": ""
  },
  {
    "__type__": "cc.PrefabInfo",
    "root": {
      "__id__": 1
    },
    "asset": {
      "__id__": 0
    },
    "fileId": "94HkpVdDtGRamHAOmcd3B/"
  },
  {
    "__type__": "cc.PrefabInfo",
    "root": {
      "__id__": 1
    },
    "asset": {
      "__id__": 0
    },
    "fileId": "5fie7uHHJEvpkDs3P4QGRu"
  },
  {
    "__type__": "cc.PrefabInfo",
    "root": {
      "__id__": 1
    },
    "asset": {
      "__id__": 0
    },
    "fileId": "b4TlbF9IFHjpT7J0pch0Os"
  },
  {
    "__type__": "cc.Node",
    "_name": "Arm_1_Right",
    "_objFlags": 0,
    "_parent": {
      "__id__": 9
    },
    "_children": [
      {
        "__id__": 21
      }
    ],
    "_active": true,
    "_components": [],
    "_prefab": {
      "__id__": 25
    },
    "_lpos": {
      "__type__": "cc.Vec3",
      "x": -0.5993852019309998,
      "y": 0.5629040598869324,
      "z": 0.09817753732204437
    },
    "_lrot": {
      "__type__": "cc.Quat",
      "x": -0.08492219110613163,
      "y": 0.03884375313533377,
      "z": 0.7863674447366413,
      "w": 0.6106599922693974
    },
    "_lscale": {
      "__type__": "cc.Vec3",
      "x": 1,
      "y": 0.9999998807907104,
      "z": 1.000000238418579
    },
    "_layer": 1073741824,
    "_euler": {
      "__type__": "cc.Vec3",
      "x": -146.72876699979122,
      "y": 142.95054017915726,
      "z": 72.51752490311334
    },
    "_id": ""
  },
  {
    "__type__": "cc.Node",
    "_name": "Arm_2_Right",
    "_objFlags": 0,
    "_parent": {
      "__id__": 20
    },
    "_children": [
      {
        "__id__": 22
      }
    ],
    "_active": true,
    "_components": [],
    "_prefab": {
      "__id__": 24
    },
    "_lpos": {
      "__type__": "cc.Vec3",
      "x": -1.1547093237140871e-7,
      "y": 0.8253397941589355,
      "z": -1.2736322219097929e-7
    },
    "_lrot": {
      "__type__": "cc.Quat",
      "x": 0.45396914539334327,
      "y": -0.8134922884706506,
      "z": 0.026072296935804585,
      "w": 0.36257764266721226
    },
    "_lscale": {
      "__type__": "cc.Vec3",
      "x": 1,
      "y": 0.9999995827674866,
      "z": 0.9999999403953552
    },
    "_layer": 1073741824,
    "_euler": {
      "__type__": "cc.Vec3",
      "x": 32.36067827460669,
      "y": -117.90181648632745,
      "z": -46.02924985447748
    },
    "_id": ""
  },
  {
    "__type__": "cc.Node",
    "_name": "Arm_2_Right_end",
    "_objFlags": 0,
    "_parent": {
      "__id__": 21
    },
    "_children": [],
    "_active": true,
    "_components": [],
    "_prefab": {
      "__id__": 23
    },
    "_lpos": {
      "__type__": "cc.Vec3",
      "x": -5.960464477539063e-8,
      "y": 0.698968231678009,
      "z": -2.9802322387695312e-8
    },
    "_lrot": {
      "__type__": "cc.Quat",
      "x": -2.421438694000239e-8,
      "y": -5.029141902923573e-8,
      "z": 3.725290298461906e-8,
      "w": 0.9999999999999978
    },
    "_lscale": {
      "__type__": "cc.Vec3",
      "x": 1,
      "y": 1,
      "z": 1
    },
    "_layer": 1073741824,
    "_euler": {
      "__type__": "cc.Vec3",
      "x": -0.000002774764135630236,
      "y": -0.000005762972008830232,
      "z": 0.0000042688683708047916
    },
    "_id": ""
  },
  {
    "__type__": "cc.PrefabInfo",
    "root": {
      "__id__": 1
    },
    "asset": {
      "__id__": 0
    },
    "fileId": "e2i6F+fpRAR6J3jVbP4FtD"
  },
  {
    "__type__": "cc.PrefabInfo",
    "root": {
      "__id__": 1
    },
    "asset": {
      "__id__": 0
    },
    "fileId": "04WZxoAthMTYb9o0dvNk/v"
  },
  {
    "__type__": "cc.PrefabInfo",
    "root": {
      "__id__": 1
    },
    "asset": {
      "__id__": 0
    },
    "fileId": "0588So6DNAWKuQbQNExJBT"
  },
  {
    "__type__": "cc.Node",
    "_name": "IK_Arm_Left",
    "_objFlags": 0,
    "_parent": {
      "__id__": 9
    },
    "_children": [
      {
        "__id__": 27
      }
    ],
    "_active": true,
    "_components": [],
    "_prefab": {
      "__id__": 29
    },
    "_lpos": {
      "__type__": "cc.Vec3",
      "x": 1.5718777179718018,
      "y": -0.2254219502210617,
      "z": 0.45292606949806213
    },
    "_lrot": {
      "__type__": "cc.Quat",
      "x": -0.7151051175850908,
      "y": 0.0009080720498788957,
      "z": 0.0026478099216161732,
      "w": 0.6990113270265262
    },
    "_lscale": {
      "__type__": "cc.Vec3",
      "x": 0.9999999403953552,
      "y": 0.9999997615814209,
      "z": 0.9999997615814209
    },
    "_layer": 1073741824,
    "_euler": {
      "__type__": "cc.Vec3",
      "x": -91.3044365461553,
      "y": 0.28971417787554454,
      "z": 0.13767984601444544
    },
    "_id": ""
  },
  {
    "__type__": "cc.Node",
    "_name": "IK_Arm_Left_end",
    "_objFlags": 0,
    "_parent": {
      "__id__": 26
    },
    "_children": [],
    "_active": true,
    "_components": [],
    "_prefab": {
      "__id__": 28
    },
    "_lpos": {
      "__type__": "cc.Vec3",
      "x": 1.4871790199322277e-7,
      "y": 0.43455183506011963,
      "z": 2.9006741897319444e-8
    },
    "_lrot": {
      "__type__": "cc.Quat",
      "x": -3.940675696867355e-8,
      "y": 1.5846524092921563e-10,
      "z": 1.5010887466359965e-7,
      "w": 0.999999999999988
    },
    "_lscale": {
      "__type__": "cc.Vec3",
      "x": 1,
      "y": 1,
      "z": 1
    },
    "_layer": 1073741824,
    "_euler": {
      "__type__": "cc.Vec3",
      "x": -0.000004515681719931429,
      "y": 1.8159456853437122e-8,
      "z": 0.000017201209970649503
    },
    "_id": ""
  },
  {
    "__type__": "cc.PrefabInfo",
    "root": {
      "__id__": 1
    },
    "asset": {
      "__id__": 0
    },
    "fileId": "efCB/J5k5D7YOqZJZq9lf6"
  },
  {
    "__type__": "cc.PrefabInfo",
    "root": {
      "__id__": 1
    },
    "asset": {
      "__id__": 0
    },
    "fileId": "32l5grGBJMgpTR6HaFsKfx"
  },
  {
    "__type__": "cc.Node",
    "_name": "IK_Arm_Right",
    "_objFlags": 0,
    "_parent": {
      "__id__": 9
    },
    "_children": [
      {
        "__id__": 31
      }
    ],
    "_active": true,
    "_components": [],
    "_prefab": {
      "__id__": 33
    },
    "_lpos": {
      "__type__": "cc.Vec3",
      "x": -1.685091257095337,
      "y": -0.21933725476264954,
      "z": 0.3383108973503113
    },
    "_lrot": {
      "__type__": "cc.Quat",
      "x": -0.6819756979020316,
      "y": -0.208884067807129,
      "z": 0.2151466382025473,
      "w": 0.6670745968462043
    },
    "_lscale": {
      "__type__": "cc.Vec3",
      "x": 1,
      "y": 0.9999999403953552,
      "z": 0.9999999403953552
    },
    "_layer": 1073741824,
    "_euler": {
      "__type__": "cc.Vec3",
      "x": -91.5897960816551,
      "y": 1.0315052515248846,
      "z": 34.885998202893916
    },
    "_id": ""
  },
  {
    "__type__": "cc.Node",
    "_name": "IK_Arm_Right_end",
    "_objFlags": 0,
    "_parent": {
      "__id__": 30
    },
    "_children": [],
    "_active": true,
    "_components": [],
    "_prefab": {
      "__id__": 32
    },
    "_lpos": {
      "__type__": "cc.Vec3",
      "x": 1.0014628770704803e-7,
      "y": 0.4345516562461853,
      "z": -5.3783878684043884e-8
    },
    "_lrot": {
      "__type__": "cc.Quat",
      "x": 5.762555765897906e-9,
      "y": 1.4742862930461064e-8,
      "z": 1.9375875126570098e-7,
      "w": 0.9999999999999811
    },
    "_lscale": {
      "__type__": "cc.Vec3",
      "x": 1.0000001192092896,
      "y": 0.9999999403953552,
      "z": 0.9999999403953552
    },
    "_layer": 1073741824,
    "_euler": {
      "__type__": "cc.Vec3",
      "x": 6.603399218519763e-7,
      "y": 0.0000016894075197639769,
      "z": 0.000022203117392234968
    },
    "_id": ""
  },
  {
    "__type__": "cc.PrefabInfo",
    "root": {
      "__id__": 1
    },
    "asset": {
      "__id__": 0
    },
    "fileId": "69ECugKyhDb4x7WpyVlLzr"
  },
  {
    "__type__": "cc.PrefabInfo",
    "root": {
      "__id__": 1
    },
    "asset": {
      "__id__": 0
    },
    "fileId": "e7W8mLI1pH3qVBmqngehgF"
  },
  {
    "__type__": "cc.PrefabInfo",
    "root": {
      "__id__": 1
    },
    "asset": {
      "__id__": 0
    },
    "fileId": "49JarFn9pLdpP1e5aID8ZJ"
  },
  {
    "__type__": "cc.Node",
    "_name": "Foot_1_Left",
    "_objFlags": 0,
    "_parent": {
      "__id__": 8
    },
    "_children": [
      {
        "__id__": 36
      }
    ],
    "_active": true,
    "_components": [],
    "_prefab": {
      "__id__": 40
    },
    "_lpos": {
      "__type__": "cc.Vec3",
      "x": 0.40217125415802,
      "y": -0.2721010446548462,
      "z": -0.049442898482084274
    },
    "_lrot": {
      "__type__": "cc.Quat",
      "x": 0.014539287712849631,
      "y": -0.14671430831934065,
      "z": -0.9864433566862595,
      "w": 0.07206264564062038
    },
    "_lscale": {
      "__type__": "cc.Vec3",
      "x": 1.0000073909759521,
      "y": 1.0000001192092896,
      "z": 1.000000238418579
    },
    "_layer": 1073741824,
    "_euler": {
      "__type__": "cc.Vec3",
      "x": -163.1129033053419,
      "y": 179.56332840265617,
      "z": -8.420540878488811
    },
    "_id": ""
  },
  {
    "__type__": "cc.Node",
    "_name": "Foot_2_Left",
    "_objFlags": 0,
    "_parent": {
      "__id__": 35
    },
    "_children": [
      {
        "__id__": 37
      }
    ],
    "_active": true,
    "_components": [],
    "_prefab": {
      "__id__": 39
    },
    "_lpos": {
      "__type__": "cc.Vec3",
      "x": -1.51083554555953e-8,
      "y": 0.6507814526557922,
      "z": -5.737162744878788e-9
    },
    "_lrot": {
      "__type__": "cc.Quat",
      "x": -0.20176831874851972,
      "y": -0.6765035818231148,
      "z": 0.23760988715936646,
      "w": 0.6672136021200447
    },
    "_lscale": {
      "__type__": "cc.Vec3",
      "x": 0.9999999403953552,
      "y": 0.9999998807907104,
      "z": 0.9999999403953552
    },
    "_layer": 1073741824,
    "_euler": {
      "__type__": "cc.Vec3",
      "x": 3.7101208218455173,
      "y": -92.00389517045178,
      "z": 36.161768409595986
    },
    "_id": ""
  },
  {
    "__type__": "cc.Node",
    "_name": "Foot_2_Left_end",
    "_objFlags": 0,
    "_parent": {
      "__id__": 36
    },
    "_children": [],
    "_active": true,
    "_components": [],
    "_prefab": {
      "__id__": 38
    },
    "_lpos": {
      "__type__": "cc.Vec3",
      "x": 2.7939698554746428e-8,
      "y": 0.5353628396987915,
      "z": -1.056828757839412e-8
    },
    "_lrot": {
      "__type__": "cc.Quat",
      "x": -5.514995038424209e-8,
      "y": -4.5378692448134447e-7,
      "z": -1.8248101696370123e-8,
      "w": 0.9999999999998954
    },
    "_lscale": {
      "__type__": "cc.Vec3",
      "x": 1,
      "y": 0.9999999403953552,
      "z": 1
    },
    "_layer": 1073741824,
    "_euler": {
      "__type__": "cc.Vec3",
      "x": -0.00000631971974364933,
      "y": -0.000052000151257330314,
      "z": -0.0000020910755548490783
    },
    "_id": ""
  },
  {
    "__type__": "cc.PrefabInfo",
    "root": {
      "__id__": 1
    },
    "asset": {
      "__id__": 0
    },
    "fileId": "fcrkKBRJhIHpSc4lC8n1yZ"
  },
  {
    "__type__": "cc.PrefabInfo",
    "root": {
      "__id__": 1
    },
    "asset": {
      "__id__": 0
    },
    "fileId": "a6PCBdCZRIgauQBmBQcGfn"
  },
  {
    "__type__": "cc.PrefabInfo",
    "root": {
      "__id__": 1
    },
    "asset": {
      "__id__": 0
    },
    "fileId": "abPMfdaYxKNZv6z+LWUvJF"
  },
  {
    "__type__": "cc.Node",
    "_name": "Foot_1_Right",
    "_objFlags": 0,
    "_parent": {
      "__id__": 8
    },
    "_children": [
      {
        "__id__": 42
      }
    ],
    "_active": true,
    "_components": [],
    "_prefab": {
      "__id__": 46
    },
    "_lpos": {
      "__type__": "cc.Vec3",
      "x": -0.40382158756256104,
      "y": -0.26956048607826233,
      "z": -0.04990839958190918
    },
    "_lrot": {
      "__type__": "cc.Quat",
      "x": 0.7036422776552234,
      "y": 0.08200338815557262,
      "z": 0.6777246273345999,
      "w": 0.19710991586258042
    },
    "_lscale": {
      "__type__": "cc.Vec3",
      "x": 0.9999964833259583,
      "y": 1.0000007152557373,
      "z": 1
    },
    "_layer": 1073741824,
    "_euler": {
      "__type__": "cc.Vec3",
      "x": 169.63453470914772,
      "y": -85.78364791832347,
      "z": 22.49325015266657
    },
    "_id": ""
  },
  {
    "__type__": "cc.Node",
    "_name": "Foot_2_Right",
    "_objFlags": 0,
    "_parent": {
      "__id__": 41
    },
    "_children": [
      {
        "__id__": 43
      }
    ],
    "_active": true,
    "_components": [],
    "_prefab": {
      "__id__": 45
    },
    "_lpos": {
      "__type__": "cc.Vec3",
      "x": 2.1066846045414422e-8,
      "y": 0.6507823467254639,
      "z": -1.2921924508191296e-7
    },
    "_lrot": {
      "__type__": "cc.Quat",
      "x": 0.23946550001826547,
      "y": -0.6489643918714612,
      "z": 0.23880119136458272,
      "w": 0.6815243820926457
    },
    "_lscale": {
      "__type__": "cc.Vec3",
      "x": 0.9999999403953552,
      "y": 0.9999997615814209,
      "z": 0.9999997615814209
    },
    "_layer": 1073741824,
    "_euler": {
      "__type__": "cc.Vec3",
      "x": 39.52529023768345,
      "y": -87.49863855273902,
      "z": 0.8416195283620628
    },
    "_id": ""
  },
  {
    "__type__": "cc.Node",
    "_name": "Foot_2_Right_end",
    "_objFlags": 0,
    "_parent": {
      "__id__": 42
    },
    "_children": [],
    "_active": true,
    "_components": [],
    "_prefab": {
      "__id__": 44
    },
    "_lpos": {
      "__type__": "cc.Vec3",
      "x": -6.402842700481415e-8,
      "y": 0.535361647605896,
      "z": 2.7939499602780415e-9
    },
    "_lrot": {
      "__type__": "cc.Quat",
      "x": 6.053596735000542e-9,
      "y": -1.4866236597299406e-7,
      "z": -2.2755557438358406e-8,
      "w": 0.9999999999999887
    },
    "_lscale": {
      "__type__": "cc.Vec3",
      "x": 1.0000001192092896,
      "y": 1,
      "z": 1
    },
    "_layer": 1073741824,
    "_euler": {
      "__type__": "cc.Vec3",
      "x": 6.936906999281921e-7,
      "y": -0.000017035452269578388,
      "z": -0.0000026075949064966567
    },
    "_id": ""
  },
  {
    "__type__": "cc.PrefabInfo",
    "root": {
      "__id__": 1
    },
    "asset": {
      "__id__": 0
    },
    "fileId": "64BCNrxtlHyJ7V/NjaHcBg"
  },
  {
    "__type__": "cc.PrefabInfo",
    "root": {
      "__id__": 1
    },
    "asset": {
      "__id__": 0
    },
    "fileId": "81ScJ17m1H7rTBUcRZ+6k5"
  },
  {
    "__type__": "cc.PrefabInfo",
    "root": {
      "__id__": 1
    },
    "asset": {
      "__id__": 0
    },
    "fileId": "c0L2b1xr1MIpvlae9eeEdb"
  },
  {
    "__type__": "cc.Node",
    "_name": "IK_Foot_Left",
    "_objFlags": 0,
    "_parent": {
      "__id__": 8
    },
    "_children": [
      {
        "__id__": 48
      }
    ],
    "_active": true,
    "_components": [],
    "_prefab": {
      "__id__": 50
    },
    "_lpos": {
      "__type__": "cc.Vec3",
      "x": 0.5897610783576965,
      "y": -1.3865374326705933,
      "z": -0.03626061603426933
    },
    "_lrot": {
      "__type__": "cc.Quat",
      "x": -0.6832013044019916,
      "y": -0.01157732013912369,
      "z": -0.014145721503004555,
      "w": 0.7300012615639596
    },
    "_lscale": {
      "__type__": "cc.Vec3",
      "x": 1,
      "y": 1,
      "z": 1.0000001192092896
    },
    "_layer": 1073741824,
    "_euler": {
      "__type__": "cc.Vec3",
      "x": -86.21156334704933,
      "y": -2.0764003488232454,
      "z": -0.2769407239458924
    },
    "_id": ""
  },
  {
    "__type__": "cc.Node",
    "_name": "IK_Foot_Left_end",
    "_objFlags": 0,
    "_parent": {
      "__id__": 47
    },
    "_children": [],
    "_active": true,
    "_components": [],
    "_prefab": {
      "__id__": 49
    },
    "_lpos": {
      "__type__": "cc.Vec3",
      "x": 2.671731635928154e-8,
      "y": 0.40140244364738464,
      "z": -8.978533116987819e-8
    },
    "_lrot": {
      "__type__": "cc.Quat",
      "x": -6.178165676827752e-7,
      "y": 1.309674313443058e-10,
      "z": 5.3830262913823954e-8,
      "w": 0.9999999999998077
    },
    "_lscale": {
      "__type__": "cc.Vec3",
      "x": 1,
      "y": 1,
      "z": 1.0000001192092896
    },
    "_layer": 1073741824,
    "_euler": {
      "__type__": "cc.Vec3",
      "x": -0.00007079656368377585,
      "y": 1.5011573137029836e-8,
      "z": 0.0000061684937408102015
    },
    "_id": ""
  },
  {
    "__type__": "cc.PrefabInfo",
    "root": {
      "__id__": 1
    },
    "asset": {
      "__id__": 0
    },
    "fileId": "06m2EA+vFM34LPDqtdjHTY"
  },
  {
    "__type__": "cc.PrefabInfo",
    "root": {
      "__id__": 1
    },
    "asset": {
      "__id__": 0
    },
    "fileId": "f1WrS2RNBB+Z8iqEV8phQa"
  },
  {
    "__type__": "cc.Node",
    "_name": "IK_Foot_Right",
    "_objFlags": 0,
    "_parent": {
      "__id__": 8
    },
    "_children": [
      {
        "__id__": 52
      }
    ],
    "_active": true,
    "_components": [],
    "_prefab": {
      "__id__": 54
    },
    "_lpos": {
      "__type__": "cc.Vec3",
      "x": -0.5842961668968201,
      "y": -1.370326280593872,
      "z": 0.04860026016831398
    },
    "_lrot": {
      "__type__": "cc.Quat",
      "x": 0.014214359412594762,
      "y": -0.7301328396839195,
      "z": 0.6830789089984418,
      "w": 0.010353380273325137
    },
    "_lscale": {
      "__type__": "cc.Vec3",
      "x": 1,
      "y": 1.000000238418579,
      "z": 1.0000001192092896
    },
    "_layer": 1073741824,
    "_euler": {
      "__type__": "cc.Vec3",
      "x": 86.19254294502214,
      "y": -178.02069611072548,
      "z": -0.3788647890398074
    },
    "_id": ""
  },
  {
    "__type__": "cc.Node",
    "_name": "IK_Foot_Right_end",
    "_objFlags": 0,
    "_parent": {
      "__id__": 51
    },
    "_children": [],
    "_active": true,
    "_components": [],
    "_prefab": {
      "__id__": 53
    },
    "_lpos": {
      "__type__": "cc.Vec3",
      "x": 5.3085386753082275e-8,
      "y": 0.4014022946357727,
      "z": 4.0046870708465576e-8
    },
    "_lrot": {
      "__type__": "cc.Quat",
      "x": 3.4741242416200926e-7,
      "y": 2.066372406517178e-9,
      "z": -1.9674189388750796e-8,
      "w": 0.9999999999999396
    },
    "_lscale": {
      "__type__": "cc.Vec3",
      "x": 0.9999999403953552,
      "y": 0.9999999403953552,
      "z": 0.9999998807907104
    },
    "_layer": 1073741824,
    "_euler": {
      "__type__": "cc.Vec3",
      "x": 0.00003981053131444329,
      "y": 2.3678961883136962e-7,
      "z": -0.00000225449595236946
    },
    "_id": ""
  },
  {
    "__type__": "cc.PrefabInfo",
    "root": {
      "__id__": 1
    },
    "asset": {
      "__id__": 0
    },
    "fileId": "d8vjyoUNNHYL0X6uF2++oc"
  },
  {
    "__type__": "cc.PrefabInfo",
    "root": {
      "__id__": 1
    },
    "asset": {
      "__id__": 0
    },
    "fileId": "e6fzHlq+hKAZLpR/drr1Pz"
  },
  {
    "__type__": "cc.PrefabInfo",
    "root": {
      "__id__": 1
    },
    "asset": {
      "__id__": 0
    },
    "fileId": "a1P395/K1FjoJOjqOVIwXp"
  },
  {
    "__type__": "cc.SkeletalAnimation",
    "_name": "",
    "_objFlags": 0,
    "__editorExtras__": {},
    "node": {
      "__id__": 2
    },
    "_enabled": true,
    "__prefab": {
      "__id__": 57
    },
    "playOnLoad": true,
    "_clips": [
      {
        "__uuid__": "21a06ee5-6f6d-4e7d-a90a-b87891cbbec3@c2696",
        "__expectedType__": "cc.AnimationClip"
      },
      {
        "__uuid__": "21a06ee5-6f6d-4e7d-a90a-b87891cbbec3@b84cf",
        "__expectedType__": "cc.AnimationClip"
      }
    ],
    "_defaultClip": {
      "__uuid__": "21a06ee5-6f6d-4e7d-a90a-b87891cbbec3@b84cf",
      "__expectedType__": "cc.AnimationClip"
    },
    "_useBakedAnimation": true,
    "_sockets": [],
    "_id": ""
  },
  {
    "__type__": "cc.CompPrefabInfo",
    "fileId": "07aKrHLDhFarRyUJR2+89j"
  },
  {
    "__type__": "cc.PrefabInfo",
    "root": {
      "__id__": 1
    },
    "asset": {
      "__id__": 0
    },
    "fileId": "83MtbLRcRNGrOc19jmUnfM"
  },
  {
    "__type__": "8bab0j/b6ZHmIq26f6P9Ds4",
    "_name": "",
    "_objFlags": 0,
    "node": {
      "__id__": 1
    },
    "_enabled": true,
    "__prefab": {
      "__id__": 60
    },
    "_id": ""
  },
  {
    "__type__": "cc.CompPrefabInfo",
    "fileId": "b5vtbG9HZK966CGzDuwbwf"
  },
  {
    "__type__": "cc.PrefabInfo",
    "root": {
      "__id__": 1
    },
    "asset": {
      "__id__": 0
    },
    "fileId": "bbiJS6Qk5N6KYMi1+IZwWX"
  }
]